@article{plaza2013,
    author  = "Inmaculada Plaza and Marcelo Marcos Piva Demarzo and Paola Herrera-Mercadal and Javier Garcia-Campayo",
    title   = "Mindfulness-Based Mobile Applications: Literature Review and Analysis of Current Features",
    year    = "2013",
    journal = "{JMIR MHEALTH AND UHEALTH}",
    volume  = "1",
    number  = "2"
}

@misc{Richter_statista,
    author    = "Richter F. Statista",
    title     = "{T}he {G}lobal {T}ablet {M}arket {G}rows $78\%$",
    howpublished = "\url{http://www.statista.com/topics/841/tablets/chart/934/global-shipments-of-smart-connected-devices/}",
    year     = "2012",
    note	 = "[Accessed 2014-06-18]",
}

@misc{IDC,
    title     = "IDC International Data Corporation, a market research, analysis and advisory firm specializing in information technology, telecommunications and consumer technology",
    howpublished = "\url{http://www.idc.com/}",
    note	 = "[Accessed 2014-06-18]",
}

@misc{davy,
    author    = "Davy A.",
    title     = "Components of a smart device and smart device interactions",
    howpublished = "\url{http://www.m-zones.org/deliverables/d234_1/papers/davy-components-of-a-smart-device.pdf}",
    year     = "2003",
    note	 = "[Accessed 2014-06-18]",
}
@article{milosevic,
    author  = "Milosevic M. and Shrove MT. and Jovanov E.",
    title   = "Applications of Smartphones for Ubiquitous Health Monitoring and Wellbeing Management",
    year    = "2011",
    journal = "{Journal of Information Technology and Applications}",
    volume  = "1",
    number  = "1",
    pages   = "7--15"
}

@misc{healthx,
    author    = "Healthx Team",
    title     = "Mobile Healthcare Technology",
    howpublished = "\url{http://healthx.com/infographics/mobile-healthcare-technology/}",
    year     = "2012",
    note	 = "[Accessed 2014-06-18]",
}
@misc{Englehart,
    author  = "Englehart L.",
    title   = " Health care apps soar in popularity",
    howpublished = "\url{http://www.bizjournals.com/dayton/news/2012/04/24/health-care-apps-soar-in-popularity.html?page=all}",
    year     = "2012",
    note	 = "[Accessed 2014-06-18]",
}
@misc{Chittaro,
    author  = "Chittaro L., Vianello A.",
    title   = "Computer-supported mindfulness: evaluation of a mobile thought distancing application on naive meditators",
    journal = "International Journal of Human-Computer Studies",
    volume  = "72",
    number  = "3",
    pages   = "337--348"
}